<?xml version="1.0" encoding="UTF-8"?><record xmlns="http://www.loc.gov/MARC21/slim" xmlns:cinclude="http://apache.org/cocoon/include/1.0" xmlns:zs="http://www.loc.gov/zing/srw/">
  <leader>00464nz  a2200133n  4500</leader>
  <controlfield tag="001">no2011157035</controlfield>
  <controlfield tag="003">DLC</controlfield>
  <controlfield tag="005">20111012075245.0</controlfield>
  <controlfield tag="008">111010n| azannaabn          |n aaa     c</controlfield>
  <datafield tag="010" ind1=" " ind2=" ">
    <subfield code="a">no2011157035</subfield>
  </datafield>
  <datafield tag="035" ind1=" " ind2=" ">
    <subfield code="a">(OCoLC)oca09001410</subfield>
  </datafield>
  <datafield tag="040" ind1=" " ind2=" ">
    <subfield code="a">CSt</subfield>
    <subfield code="b">eng</subfield>
    <subfield code="c">CSt</subfield>
    <subfield code="e">rda</subfield>
  </datafield>
  <datafield tag="100" ind1="1" ind2=" ">
    <subfield code="a">Lung, Fanny</subfield>
  </datafield>
  <datafield tag="670" ind1=" " ind2=" ">
    <subfield code="a">Repenser les migrations eĚconomiques, 2010:</subfield>
    <subfield code="b">t.p. (Fanny Lung) p. 4 of cover (doctoral student in sociology in the Laboratoire LAPSAC at Univ. Bordeuax 2--Victor Segalen)</subfield>
  </datafield>
</record>